<?xml version="1.0" encoding="UTF-8"?><collection xmlns="http://www.loc.gov/MARC21/slim"><record><leader>00387nam--2200121-i-4500</leader><controlfield tag="001">000027274</controlfield><controlfield tag="002">20161230</controlfield><controlfield tag="005">20161230201036</controlfield><controlfield tag="008">060222s1000------------r-----000-0-eng-d</controlfield><datafield ind1=" " ind2=" " tag="100"><subfield code="a">Kramer, Andrew W</subfield></datafield><datafield ind1=" " ind2=" " tag="245"><subfield code="a">Elementary engineering electronics. with special reference to mesurement and conrol. first ed</subfield></datafield><datafield ind1=" " ind2=" " tag="260"><subfield code="a">Pittsburg, The Instruments Publ.Co., Inc., 1945, Iv + 340p</subfield></datafield><datafield ind1=" " ind2=" " tag="852"><subfield code="a">801</subfield></datafield></record></collection>